<?xml version="1.0" encoding="UTF-8"?><collection xmlns="http://www.loc.gov/MARC21/slim"><record><leader>00601nam--2200205-i-4500</leader><controlfield tag="001">000023577</controlfield><controlfield tag="002">20161230</controlfield><controlfield tag="005">20161230201035</controlfield><controlfield tag="008">060222s1000------------r-----000-0-eng-d</controlfield><datafield ind1=" " ind2=" " tag="020"><subfield code="a">0716703467</subfield></datafield><datafield ind1=" " ind2=" " tag="040"><subfield code="a">IFIN-HH</subfield></datafield><datafield ind1=" " ind2=" " tag="080"><subfield code="a">523.1:531.5:530.145(061.3)</subfield></datafield><datafield ind1="1" ind2=" " tag="100"><subfield code="a">Hoyle, F</subfield></datafield><datafield ind1="1" ind2="0" tag="245"><subfield code="a">Action at a distance in physics and cosmology</subfield><subfield code="c">F. hoyle, j.v. narlikar</subfield></datafield><datafield ind1=" " ind2=" " tag="260"><subfield code="a">San Frfancisco</subfield><subfield code="b">W.F.Freeman And Company</subfield><subfield code="c">1974</subfield></datafield><datafield ind1=" " ind2=" " tag="300"><subfield code="a">X + 266P</subfield></datafield><datafield ind1=" " ind2=" " tag="490"><subfield code="a">A Series Of Books In Astronomy And Astrophysics</subfield></datafield><datafield ind1="1" ind2=" " tag="700"><subfield code="a">Narlikar, J.V</subfield></datafield><datafield ind1=" " ind2=" " tag="852"><subfield code="a">43221</subfield><subfield code="c">523</subfield></datafield><datafield ind1=" " ind2=" " tag="CAT"><subfield code="a">Sys</subfield><subfield code="c">20130829</subfield><subfield code="h">144612</subfield></datafield></record></collection>